<record><leader>00000cas a22000007a 4500</leader><controlfield tag="001">9553250</controlfield><controlfield tag="008">830527d18681876mauwr ne      0    0eng d</controlfield><datafield ind1=" " ind2=" " tag="010"><subfield code="a">sn 83020797 </subfield></datafield><datafield ind1=" " ind2=" " tag="040"><subfield code="a">NPX</subfield><subfield code="b">eng</subfield><subfield code="c">NPX</subfield><subfield code="d">NPU</subfield><subfield code="d">MGN</subfield><subfield code="d">OCLCG</subfield><subfield code="d">OCLCQ</subfield></datafield><datafield ind1=" " ind2=" " tag="042"><subfield code="a">msc</subfield></datafield><datafield ind1=" " ind2=" " tag="043"><subfield code="a">n-us-ma</subfield></datafield><datafield ind1="0" ind2=" " tag="130"><subfield code="a">Stoneham sentinel (Stoneham, Mass. : 1868)</subfield></datafield><datafield ind1="1" ind2="0" tag="245"><subfield code="a">Stoneham sentinel.</subfield></datafield><datafield ind1=" " ind2=" " tag="260"><subfield code="a">Stoneham, Mass. :</subfield><subfield code="b">H.C. Gray</subfield></datafield><datafield ind1=" " ind2=" " tag="300"><subfield code="a">v. ;</subfield><subfield code="c">61 cm.</subfield></datafield><datafield ind1=" " ind2=" " tag="310"><subfield code="a">Weekly</subfield></datafield><datafield ind1="1" ind2=" " tag="362"><subfield code="a">Began Dec. 5, 1868?</subfield></datafield><datafield ind1="0" ind2=" " tag="362"><subfield code="a">-v. 9, no. 6 (Dec. 30, 1876).</subfield></datafield><datafield ind1=" " ind2=" " tag="500"><subfield code="a">Publishers: H.C. Gray &amp; L.S. Metcalf, &lt;1873-1875&gt;; L.S. Metcalf, &lt;1875-1876&gt;; G.A. Kimball &amp; Co., 1876.</subfield></datafield><datafield ind1=" " ind2=" " tag="500"><subfield code="a">Proprietor: H.C. Gray, &lt;1868&gt;.</subfield></datafield><datafield ind1=" " ind2=" " tag="500"><subfield code="a">Editors: H.C. Gray, &lt;1868-1875&gt;; L.S. Metcalf, &lt;1873-1876&gt;; G.A. Kimball, &lt;1876&gt;.</subfield></datafield><datafield ind1=" " ind2=" " tag="588"><subfield code="a">Description based on: Vol. 1, no. 2 (Dec. 12, 1868).</subfield></datafield><datafield ind1="1" ind2=" " tag="700"><subfield code="a">Metcalf, Lorettus Sutton,</subfield><subfield code="d">1837-1920.</subfield></datafield><datafield ind1=" " ind2=" " tag="752"><subfield code="a">United States</subfield><subfield code="b">Massachusetts</subfield><subfield code="c">Middlesex</subfield><subfield code="d">Stoneham.</subfield></datafield><datafield ind1=" " ind2=" " tag="936"><subfield code="a">1876 Aug. 19</subfield></datafield><datafield ind1="1" ind2=" " tag="029"><subfield code="a">AU@</subfield><subfield code="b">000025797284</subfield></datafield></record>